@article{2017_Pean,
    author = {E. P\'ean and J. Vidal and S. Jobic and C. Latouche},
    title = {{Presentation of the PyDEF post-treatment Python software to compute publishable charts for defect energy formation}},
    journal = {Chemical Physics Letters},
    volume = {671},
    pages = {124-130},
    year = {2017},
    doi = {10.1016/j.cplett.2017.01.001},
    url = {https://doi.org/10.1016/j.cplett.2017.01.001}
}


@article{2018_Stoliaroff,
    author = {A. Stoliaroff and S. Jobic and C. Latouche},
    title = {{PyDEF 2.0: An Easy to Use Post-treatment Software forPublishable Charts Featuring a Graphical User Interface}},
    journal = {Journal of Computational Chemistry},
    volume = {39},
    pages = {2251-2261},
    year = {2018},
    doi = {10.1002/jcc.25543},
    url = {https://doi.org/10.1002/jcc.25543}
}


@article{2018_Broberg,
    author = {D. Broberg and B. Medasani and N.E.R. Zimmermann and G. Yu and A. Canning and M. Haranczyk and M. Asta and G. Hautier},
    title = {{PyCDT: A Python toolkit for modeling point defects in semiconductors and insulators}},
    journal = {Computer Physics Communications},
    volume = {226},
    pages = {165-179},
    year = {2018},
    doi = {10.1016/j.cpc.2018.01.004},
    url = {https://doi.org/10.1016/j.cpc.2018.01.004}
}


@article{2017_Gorai,
    author = {P. Gorai and V. Stevanovi\'c and E.S. Toberer},
    title = {{Computationally guided discovery of thermoelectric materials}},
    journal = {Nature Review Materials},
    volume = {2},
    number = {17053},
    pages = {1-16},
    year = {2017},
    doi = {10.1038/natrevmats.2017.53},
    url = {https://doi.org/10.1038/natrevmats.2017.53}
}


@article{2017_Goyal,
    author = {A. Goyal and P. Gorai and H. Peng and S. Lany and V. Stevanovi\'c},
    title = {{A computational framework for automation of point defect calculations}},
    journal = {Computational Materials Science},
    volume = {130},
    number = {1},
    pages = {1-9},
    year = {2017},
    doi = {10.1016/j.commatsci.2016.12.040},
    url = {https://doi.org/10.1016/j.commatsci.2016.12.040}
}


@article{2018_Durrant,
    author = {T. R. Durrant and S. T. Murphy and M. B. Watkins and A. L. Shluger},
    title = {{Relation between image charge and potential alignment corrections for charged defects in periodic boundary conditions}},
    journal = {Journal of Chemical Physics},
    volume = {149},
    number = {024103},
    year = {2018},
    doi = {10.1063/1.5029818},
    url = {https://doi.org/10.1063/1.5029818}
}


@article{2009_Freysoldt,
    author = {C. Freysoldt and J. Neugebauer and C.G. Van de Walle},
    title = {{Fully Ab Initio Finite-Size Corrections for Charged-Defect Supercell Calculations}},
    journal = {Physical Review Letters},
    volume = {102},
    number = {016402},
    year = {2009},
    doi = {10.1103/PhysRevLett.102.016402},
    url = {https://doi.org/10.1103/PhysRevLett.102.016402}
}


@article{2013_Jain,
    author = {A. Jain and S.P. Ong and G. Hautier and W. Chen and W.D. Richards and S. Dacek and S. Cholia and D. Gunter and D. Skinner and G. Ceder and K.A. Persson},
    title = {{Commentary: The Materials Project: A materials genome approach to accelerating materials innovation}},
    journal = {APL Materials},
    volume = {1},
    number = {011002},
    year = {2013},
    doi = {10.1063/1.4812323},
    url = {https://doi.org/10.1063/1.4812323}
}


@article{2013_Saal,
    author = {J.E. Saal and S. Kirklin and M. Aykol and B. Meredig and C. Wolverton},
    title = {{Materials Design and Discovery with High-Throughput Density Functional Theory: The Open Quantum Materials Database (OQMD)}},
    journal = {JOM},
    volume = {65},
    number = {11},
    pages = {1501-1509},
    year = {2013},
    doi = {10.1007/s11837-013-0755-4},
    url = {https://doi.org/10.1007/s11837-013-0755-4}
}


@article{2015_Kirklin,
    author = {S. Kirklin and J.E. Saal and B. Meredig and A. Thompson and J.W. Doak and M. Aykol and S. R\"uhl and C. Wolverton},
    title = {{The Open Quantum Materials Database (OQMD): assessing the accuracy of DFT formation energies}},
    journal = {npj Computational Materials},
    volume = {1},
    number = {15010},
    pages = {},
    year = {2015},
    doi = {10.1038/npjcompumats.2015.10},
    url = {https://doi.org/10.1038/npjcompumats.2015.10}
}


@article{2018_Ward,
    author = {L. Ward and A. Dunn and A. Faghaninia and N.E.R. Zimmermann and S. Bajaj and Q. Wang and J. Montoya and J. Chen and K. Bystrom and M. Dylla and K. Chard and M. Asta and K.A. Persson and G.J. Snyder and I. Foster and A. Jain},
    title = {{Matminer: An open source toolkit for materials data mining}},
    journal = {Computational Materials Science},
    volume = {152},
    number = {},
    pages = {60-69},
    year = {2018},
    doi = {10.1016/j.commatsci.2018.05.018},
    url = {https://doi.org/10.1016/j.commatsci.2018.05.018}
}


@article{2019_Kim,
    author = {S. Kim and J. Park and S.N. Hood and A. Walsh},
    title = {{Lone-pair effect on carrier capture in Cu$_2$ZnSnS$_4$ solar cells}},
    journal = {Journal of Materials Chemistry A},
    volume = {7},
    number = {},
    pages = {2686-2693},
    year = {2019},
    doi = {10.1039/c8ta10130b},
    url = {https://doi.org/10.1039/c8ta10130b}
}


@article{2008_Snyder,
    author = {G.J. Snyder and E.S. Toberer},
    title = {{Complex thermoelectric materials}},
    journal = {Nature Materials},
    volume = {7},
    number = {},
    pages = {101-110},
    year = {2008},
    doi = {10.1038/nmat2090},
    url = {https://doi.org/10.1038/nmat2090}
}


@article{2011_Pei,
    author = {Y. Pei and X. Shi and A. LaLonde and H. Wang and L. Chen and G.J. Snyder},
    title = {{Convergence of electronic bands for high performance bulk thermoelectrics}},
    journal = {Nature},
    volume = {473},
    number = {},
    pages = {66-69},
    year = {2011},
    doi = {10.1038/nature09996},
    url = {https://doi.org/10.1038/nature09996}
}


@article{2015_Yan,
    author = {J. Yan and P. Gorai and B. Ortiz and S. Miller and S.A. Barnett and T. Mason and V. Stevanovi\'c and E.S. Toberer},
    title = {{Material descriptors for predicting thermoelectric performance}},
    journal = {Energy and Environmental Science},
    volume = {8},
    number = {},
    pages = {983-994},
    year = {2015},
    doi = {10.1039/c4ee03157a},
    url = {https://doi.org/10.1039/c4ee03157a}
}


@article{2014_Zakutayev,
    author = {A. Zakutayev and C.M. Caskey and A.N. Fioretti and D.S. Ginley and J. Vidal and V. Stevanovi\'c and E. Tea and S. Lany},
    title = {{Defect Tolerant Semiconductors for Solar Energy Conversion}},
    journal = {The Journal of Physical Chemistry Letters},
    volume = {5},
    number = {7},
    pages = {1117-1125},
    year = {2014},
    doi = {10.1021/jz5001787},
    url = {https://doi.org/10.1021/jz5001787}
}


@article{2014_Chen,
    author = {S. Chen and P. Narang and H.A. Atwater and L. Wang},
    title = {{Phase Stability and Defect Physics of a Ternary ZnSnN$_2$ Semiconductor: First Principles Insights}},
    journal = {Advanced Materials},
    volume = {26},
    number = {},
    pages = {311-315},
    year = {2014},
    doi = {10.1002/adma.201302727},
    url = {https://doi.org/10.1002/adma.201302727}
}


@article{2017_Li,
    author = {G. Li and U. Aydemir and M. Wood and W.A. Goddard III and P. Zhai and Q. Zhang and G.J. Snyder},
    title = {{Defect-Controlled Electronic Structure and Phase Stability in Thermoelectric Skutterudite CoSb$_3$}},
    journal = {Chemistry of Materials},
    volume = {29},
    number = {},
    pages = {3999-4007},
    year = {2017},
    doi = {10.1021/acs.chemmater.7b00559},
    url = {https://doi.org/10.1021/acs.chemmater.7b00559}
}


@article{2014_Tang,
    author = {Y. Tang and Y. Qiu and L. Xi and X. Shi and W. Zhang and L. Chen and S. Tseng and S. Chen and G.J. Snyder},
    title = {{Phase diagram of In-Co-Sb system and thermoelectric properties of In-containing skutterudites}},
    journal = {Energy and Environmental Science},
    volume = {7},
    number = {},
    pages = {812-819},
    year = {2014},
    doi = {10.1039/c3ee43240h},
    url = {https://doi.org/10.1039/c3ee43240h}
}


@article{2019_Rowberg,
    author = {A.J.E. Rowberg and L. Weston and C.G. Van de Walle},
    title = {{Optimizing Proton Conductivity in Zirconates through Defect Engineering}},
    journal = {ACS Applied Energy Materials},
    volume = {2},
    number = {4},
    pages = {2611-2619},
    year = {2019},
    doi = {10.1021/acsaem.8b02222},
    url = {https://doi.org/10.1021/acsaem.8b02222}
}


@article{2016_Gorai,
    author = {P. Gorai and D. Gao and B. Ortiz and S. Miller and S. Barnett and T. Mason and Q. Lv and V. Stevanovi\'c and E.S. Toberer},
    title = {{TE Design Lab: A virtual laboratory for thermoelectric material design}},
    journal = {Computational Materials Science},
    volume = {112},
    number = {A},
    pages = {368-376},
    year = {2016},
    doi = {10.1016/j.commatsci.2015.11.006},
    url = {https://doi.org/10.1016/j.commatsci.2015.11.006}
}


@article{2017_Zhu,
    author = {Z. Zhu and H. Peelaers and C.G. Van de Walle},
    title = {{Electronic and protonic conduction in LaFeO$_3$}},
    journal = {Journal of Materials Chemistry A},
    volume = {5},
    number = {},
    pages = {15367-15379},
    year = {2017},
    doi = {10.1039/c7ta04330a},
    url = {https://doi.org/10.1039/c7ta04330a}
}


@article{2017_Adamski,
    author = {N.L. Adamski and Z. Zhu and D. Wickramaratne and C.G. Van de Walle},
    title = {{Hybrid functional study of native point defects and impurities in ZnGeN$_2$}},
    journal = {Journal of Applied Physics},
    volume = {112},
    number = {195701},
    pages = {},
    year = {2017},
    doi = {10.1063/1.4999790},
    url = {https://doi.org/10.1063/1.4999790}
}


@article{2015_Swift,
    author = {M. Swift and A. Janotti and C.G. Van de Walle},
    title = {{Small polarons and point defects in barium cerate}},
    journal = {Physical Review B},
    volume = {92},
    number = {214114},
    pages = {},
    year = {2015},
    doi = {10.1103/PhysRevB.92.214114},
    url = {https://doi.org/10.1103/PhysRevB.92.214114}
}


@article{2018_Liu,
    author = {D. Liu and D. Han and M. Huang and X. Zhang and T. Zhang and C. Dai and S. Chen},
    title = {{Theoretical study on the kesterite solar cells based on Cu$_2$ZnSn(S,Se)$_4$ and related photovoltaic semiconductors}},
    journal = {Chinese Physics B},
    volume = {27},
    number = {1},
    pages = {018806},
    year = {2018},
    doi = {10.1088/1674-1056/27/1/018806},
    url = {https://doi.org/10.1088/1674-1056/27/1/018806}
}


@article{2019_Lyu,
    author = {S. Lyu and D. Skachkov and K. Kash and E.W. Blanton and W.R.L. Lambrecht},
    title = {{Band Gaps, Band‐Offsets, Disorder, Stability Region, and Point Defects in II-IV-N$_2$ Semiconductors}},
    journal = {Physica Status Solidi A},
    volume = {},
    number = {},
    pages = {1800875},
    year = {2019},
    doi = {10.1002/pssa.201800875},
    url = {https://doi.org/10.1002/pssa.201800875}
}


@article{2017_Kim,
    author = {N. Kim and P.P. Martin and A.A. Rockett and E. Ertekin},
    title = {{First-Principle Study of the Electronic Structure and Stability of Reconstructed AgInSe$_2$ $(112)$ Polar Surfaces}},
    journal = {IEEE Journal Of Photovoltaics},
    volume = {7},
    number = {6},
    pages = {1781-1788},
    year = {2017},
    doi = {10.1109/JPHOTOV.2017.2754061},
    url = {https://doi.org/10.1109/JPHOTOV.2017.2754061}
}


@article{1995_Makov,
    author = {G. Makov and M.C. Payne},
    title = {{Periodic boundary conditions in ab initio calculations}},
    journal = {Physical Review B},
    volume = {51},
    number = {7},
    pages = {4014-4022},
    year = {1995},
    doi = {10.1103/PhysRevB.51.4014},
    url = {http://dx.doi.org/10.1103/PhysRevB.51.4014}
}


@article{2008_Lany,
    author = {S. Lany and A. Zunger},
    title = {{Assessment of correction methods for the band-gap problem and for finite-size effects in supercell defect calculations: Case studies for ZnO and GaAs}},
    journal = {Physical Review B},
    volume = {78},
    number = {},
    pages = {235104},
    year = {2008},
    doi = {10.1103/PhysRevB.78.235104},
    url = {http://dx.doi.org/10.1103/PhysRevB.78.235104}
}


@article{2009_Lany,
    author = {S. Lany and A. Zunger},
    title = {{Accurate prediction of defect properties in density functional supercell calculations}},
    journal = {Modelling and Simulation in Materials Science and Engineering},
    volume = {17},
    number = {8},
    pages = {084002},
    year = {2009},
    doi = {10.1088/0965-0393/17/8/084002},
    url = {https://doi.org/10.1088/0965-0393/17/8/084002}
}


@article{2014_Buckeridge,
    author = {J. Buckeridge and D.O. Scanlon and A. Walsh and C.R.A. Catlow},
    title = {{Automated procedure to determine the thermodynamic stability of a material and the range of chemical potentials necessary for its formation relative to competing phases and compounds}},
    journal = {Computer Physics Communications},
    volume = {185},
    number = {1},
    pages = {330-338},
    year = {2014},
    doi = {10.1016/j.cpc.2013.08.026},
    url = {https://doi.org/10.1016/j.cpc.2013.08.026}
}


@article{2017_Liu,
    author = {C. Liu and Z. Li and H. Gu and S. Chen and H. Xiang and X. Gong},
    title = {{Sodium Passivation of the Grain Boundaries in CuInSe$_2$ and Cu$_2$ZnSnS$_4$ for High-Efficiency Solar Cells}},
    journal = {Advanced Energy Materials},
    volume = {7},
    number = {8},
    pages = {1601457},
    year = {2017},
    doi = {10.1002/aenm.201601457},
    url = {https://doi.org/10.1002/aenm.201601457}
}


@article{2019_Xu,
    author = {J. Xu and J. Liu and B. Liu and J. Wang and B. Huang},
    title = {{Defect Engineering of Grain Boundaries in Lead-Free Halide Double Perovskites for Better Optoelectronic Performance}},
    journal = {Advanced Functional Materials},
    volume = {29},
    number = {},
    pages = {1805870},
    year = {2019},
    doi = {10.1002/adfm.201805870},
    url = {https://doi.org/10.1002/adfm.201805870}
}


@article{2018_Ortiz,
    author = {B.R. Ortiz and W. Peng and L.C. Gomes and P. Gorai and T. Zhu and D.M. Smiadak and G.J. Snyder and V. Stevanovi\'c and E. Ertekin and A. Zevalkink and E.S. Toberer},
    title = {{Ultralow Thermal Conductivity in Diamond-Like Semiconductors: Selective Scattering of Phonons from Antisite Defects}},
    journal = {Chemistry of Materials},
    volume = {30},
    number = {},
    pages = {3395-3409},
    year = {2018},
    doi = {10.1021/acs.chemmater.8b00890},
    url = {https://doi.org/10.1021/acs.chemmater.8b00890}
}


@article{2019_Ortiz,
    author = {B.R. Ortiz and K. Gordiz and L.C. Gomes and T. Braden and J.M. Adamczyk and J. Qu and E. Ertekin and E.S. Toberer},
    title = {{Carrier density control in Cu$_2$HgGeTe$_4$ and discovery of Hg$_2$GeTe$_4$ via phase boundary mapping}},
    journal = {Journal of Materials Chemistry A},
    volume = {7},
    number = {},
    pages = {621-631},
    year = {2019},
    doi = {10.1039/c8ta10332a},
    url = {https://doi.org/10.1039/c8ta10332a}
}


@article{2013_Chen,
    author = {S. Chen and A. Walsh and X. Gong and S. Wei},
    title = {{Classification of Lattice Defects in the Kesterite Cu$_2$ZnSnS$_4$ and Cu$_2$ZnSnSe$_4$ Earth-Abundant Solar Cell Absorbers}},
    journal = {Advanced Materials},
    volume = {25},
    number = {},
    pages = {1522-1539},
    year = {2013},
    doi = {10.1002/adma.201203146 },
    url = {https://doi.org/10.1002/adma.201203146 }
}


@article{2013_Ong,
    author = {S. P. Ong and W. D. Richards and A. Jain and G. Hautier and M. Kocher and S. Cholia and D. Gunter and V. L. Chevrier and K. A. Persson and G. Ceder},
    title = {{Python Materials Genomics (pymatgen): A Robust, Open-Source Python Library for Materials Analysis}},
    journal = {Computational Materials Science},
    volume = {68},
    number = {},
    pages = {314-319},
    year = {2013},
    doi = {10.1016/j.commatsci.2012.10.028},
    url = {https://doi.org/10.1016/j.commatsci.2012.10.028}
}


@article{1954_Moss,
    author = {T.S. Moss},
    title = {{The Interpretation of the Properties of Indium Antimonide}},
    journal = {Proceedings of the Physical Society, Section B},
    volume = {67},
    number = {},
    pages = {775},
    year = {1954},
    doi = {10.1088/0370-1301/67/10/306},
    url = {https://doi.org/10.1088/0370-1301/67/10/306}
}


@article{1954_Burnstein,
    author = {E. Burnstein},
    title = {{Anoma1ous Optical Absorption Limit in InSb}},
    journal = {Physical Review},
    volume = {93},
    number = {3},
    pages = {632},
    year = {1954},
    doi = {10.1103/PhysRev.93.632},
    url = {https://doi.org/10.1103/PhysRev.93.632}
}


@article{2018_Naik,
    author = {M.H. Naik and M. Jain},
    title = {{CoFFEE: Corrections For Formation Energy and Eigenvalues for Charged Defect Simulations}},
    journal = {Computer Physics Communications},
    volume = {226},
    number = {},
    pages = {114-126},
    year = {2018},
    doi = {10.1016/j.cpc.2018.01.011},
    url = {https://doi.org/10.1016/j.cpc.2018.01.011}
}


@article{2007_Janotti,
    author = {A. Janotti and C.G. Van de Walle},
    title = {{Native Point Defects in ZnO}},
    journal = {Physical Review B},
    volume = {76},
    number = {165202},
    pages = {},
    year = {2007},
    doi = {10.1103/PhysRevB.76.165202},
    url = {https://doi.org/10.1103/PhysRevB.76.165202}
}


@misc{PyPolyhedron1,
  author = {P. Peterson},
  title = {PyPolyhedron},
  howpublished = {\url{http://cens.ioc.ee/projects/polyhedron/}}
}


@misc{PyPolyhedron2,
  author = {S. Kim},
  howpublished = {\url{https://github.com/frssp/PyPolyhedron}}
}



